<record xmlns:xsi="http://www.w3.org/2001/XMLSchema-instance" xmlns="http://www.loc.gov/MARC21/slim" xsi:schemaLocation="http://www.loc.gov/MARC21/slim http://www.loc.gov/standards/marcxml/schema/MARC21slim.xsd">

  <leader>01495nab a22001697a 4500</leader>
  <controlfield tag="005">20160331134753.0</controlfield>
  <controlfield tag="008">151210b2005    cr f|||| |||| 00| 0 spa d</controlfield>
  <datafield ind1=" " tag="090" ind2=" ">
    <subfield code="a">REVIS 06.02.01</subfield>
  </datafield>
  <datafield ind2=" " ind1="1" tag="100">
    <subfield code="9">1200</subfield>
    <subfield code="a">Moreno Artal, Edith</subfield>
  </datafield>
  <datafield ind2="3" ind1="1" tag="245">
    <subfield code="a">La violencia en las escuelas /</subfield>
    <subfield code="c">Edith Moreno Artal</subfield>
  </datafield>
  <datafield ind2=" " ind1=" " tag="260">
    <subfield code="a">San José, Costa Rica :</subfield>
    <subfield code="b">Editorial Universidad de Costa Rica,</subfield>
    <subfield code="c">2005</subfield>
  </datafield>
  <datafield ind1=" " tag="300" ind2=" ">
    <subfield code="a">páginas 139 - 155</subfield>
  </datafield>
  <datafield tag="520" ind1=" " ind2=" ">
    <subfield code="a">Las instituciones educativas deben enfrentar un nuevo reto: el manejo de la violencia en sus muchas causas tanto socuales como psicológicas, las cuales son esbozadas en este artículo a la luz de los postulados de Martín-Baró y Bandura, premisas que son debidamente contextualizadas en la realidad costarricense.
A continuación se ofrecen alternativas para enfrentar el problema de la violencia, basadas en las experiencias realizadas en otros países y en las acciones propuestas por el Ministerio de Educación Pública.
El problema de la violencia, por su complejidad, requiere un trabajo interdisciplinario en las instituciones, además, precisa involucrar a la comunidad y las familias y gestionar acciones de otras instancias gubernamentales orientadas a disminuir problemas sociales como el hacinamiento y la pobreza en que viven algunas familias.</subfield>
  </datafield>
  <datafield ind2="4" tag="650" ind1="1">
    <subfield code="9">1</subfield>
    <subfield code="a">EDUCACIÓN</subfield>
  </datafield>
  <datafield ind1="0" tag="773" ind2=" ">
    <subfield code="d">San José, Costa Rica : Editorial de la Universidad de Costa Rica, 1997-</subfield>
    <subfield code="o">R0304</subfield>
    <subfield code="t">EDUCACIÓN: Revista de la Universidad de Costa Rica</subfield>
    <subfield code="g">Vol.29, no.2 (2005)  </subfield>
  </datafield>
  <datafield ind2=" " tag="942" ind1=" ">
    <subfield code="2">z</subfield>
    <subfield code="c">10</subfield>
  </datafield>
  <datafield ind2=" " ind1=" " tag="999">
    <subfield code="c">2954</subfield>
    <subfield code="d">2954</subfield>
  </datafield>
</record>